<record><leader>00000cas a22000007a 4500</leader><controlfield tag="001">13088116</controlfield><controlfield tag="008">860131d19451979wvuwr ne      0    0eng d</controlfield><datafield ind1=" " ind2=" " tag="010"><subfield code="a">sn 86092111 </subfield></datafield><datafield ind1=" " ind2=" " tag="040"><subfield code="a">WVC</subfield><subfield code="b">eng</subfield><subfield code="c">WVC</subfield><subfield code="d">OCL</subfield><subfield code="d">OCLCQ</subfield></datafield><datafield ind1=" " ind2=" " tag="042"><subfield code="a">msc</subfield></datafield><datafield ind1="0" ind2="4" tag="245"><subfield code="a">The Mason County news.</subfield></datafield><datafield ind1=" " ind2=" " tag="260"><subfield code="a">Point Pleasant, W. Va. :</subfield><subfield code="b">New Haven Publ. Co.,</subfield><subfield code="c">1945-1979.</subfield></datafield><datafield ind1=" " ind2=" " tag="300"><subfield code="a">v.</subfield></datafield><datafield ind1=" " ind2=" " tag="310"><subfield code="a">Weekly</subfield></datafield><datafield ind1="0" ind2=" " tag="362"><subfield code="a">Vol. 6, no. 8 (Feb. 25, 1945)-v. 32, no. 51 (May 16, 1979).</subfield></datafield><datafield ind1=" " ind2=" " tag="500"><subfield code="a">Published in Mason, W. Va., 1960-1979.</subfield></datafield><datafield ind1=" " ind2=" " tag="500"><subfield code="a">"Democratic."</subfield></datafield><datafield ind1=" " ind2=" " tag="752"><subfield code="a">United States</subfield><subfield code="b">West Virginia</subfield><subfield code="c">Mason</subfield><subfield code="d">Point Pleasant.</subfield></datafield><datafield ind1="0" ind2="0" tag="780"><subfield code="t">New Haven news</subfield><subfield code="w">(DLC)sn 86092110</subfield></datafield><datafield ind1="0" ind2="0" tag="785"><subfield code="t">Tri-county news</subfield><subfield code="w">(DLC)sn 86092112</subfield></datafield></record>